[
  {
    "id": "Red_Red_Rock_Deli_Potato_Chips_(Baked_Olive_&_Gree",
    "title": "Red Rock Deli Potato Chips (Baked Olive & Greek Salad)",
    "brand": "Red",
    "price": 51.0,
    "rating": 4.0,
    "description": "53 g",
    "name": "Red Rock Deli Potato Chips (Baked Olive & Greek Salad)",
    "weight": "53 g",
    "price_text": "₹51",
    "grams": 53.0,
    "price_per_100g": 96.23
  },
  {
    "id": "Kurkure_Kurkure_Solid_Masti_Masala_Twisteez_Crisps",
    "title": "Kurkure Solid Masti Masala Twisteez Crisps",
    "brand": "Kurkure",
    "price": 20.0,
    "rating": 4.0,
    "description": "66.6 g",
    "name": "Kurkure Solid Masti Masala Twisteez Crisps",
    "weight": "66.6 g",
    "price_text": "₹20",
    "grams": 66.6,
    "price_per_100g": 30.03
  },
  {
    "id": "Kurkure_Kurkure_Masala_Munch_Crisps_2",
    "title": "Kurkure Masala Munch Crisps",
    "brand": "Kurkure",
    "price": 20.0,
    "rating": 4.0,
    "description": "75 g",
    "name": "Kurkure Masala Munch Crisps",
    "weight": "75 g",
    "price_text": "₹20",
    "grams": 75.0,
    "price_per_100g": 26.67
  },
  {
    "id": "Balaji_Balaji_Crunchex_Chilli_Tadka_Potato_Wafers_",
    "title": "Balaji Crunchex Chilli Tadka Potato Wafers",
    "brand": "Balaji",
    "price": 40.0,
    "rating": 4.0,
    "description": "135 g",
    "name": "Balaji Crunchex Chilli Tadka Potato Wafers",
    "weight": "135 g",
    "price_text": "₹40",
    "grams": 135.0,
    "price_per_100g": 29.63
  },
  {
    "id": "Red_Red_Rock_Deli_Cheddar_&_Parmesan_Risotto_Baked",
    "title": "Red Rock Deli Cheddar & Parmesan Risotto Baked Potato Chips",
    "brand": "Red",
    "price": 51.0,
    "rating": 4.0,
    "description": "53 g",
    "name": "Red Rock Deli Cheddar & Parmesan Risotto Baked Potato Chips",
    "weight": "53 g",
    "price_text": "₹51",
    "grams": 53.0,
    "price_per_100g": 96.23
  },
  {
    "id": "Uncle_Uncle_Chipps_Spicy_Treat_Flavour_Potato_Chip",
    "title": "Uncle Chipps Spicy Treat Flavour Potato Chips",
    "brand": "Uncle",
    "price": 20.0,
    "rating": 4.0,
    "description": "53 g",
    "name": "Uncle Chipps Spicy Treat Flavour Potato Chips",
    "weight": "53 g",
    "price_text": "₹20",
    "grams": 53.0,
    "price_per_100g": 37.74
  },
  {
    "id": "Balaji_Balaji_Crunchem_Masala_Masti_Wafers_6",
    "title": "Balaji Crunchem Masala Masti Wafers",
    "brand": "Balaji",
    "price": 40.0,
    "rating": 4.0,
    "description": "135 g",
    "name": "Balaji Crunchem Masala Masti Wafers",
    "weight": "135 g",
    "price_text": "₹40",
    "grams": 135.0,
    "price_per_100g": 29.63
  },
  {
    "id": "Markstor_Markstor_Original_Kimia_Dates_(Khajur)_7",
    "title": "Markstor Original Kimia Dates (Khajur)",
    "brand": "Markstor",
    "price": 275.0,
    "rating": 4.0,
    "description": "400 g",
    "name": "Markstor Original Kimia Dates (Khajur)",
    "weight": "400 g",
    "price_text": "₹275",
    "grams": 400.0,
    "price_per_100g": 68.75
  },
  {
    "id": "Cheetos_Cheetos_Classic_Puffs_-_Cheese_Flavoured_8",
    "title": "Cheetos Classic Puffs - Cheese Flavoured",
    "brand": "Cheetos",
    "price": 101.0,
    "rating": 4.0,
    "description": "135 g",
    "name": "Cheetos Classic Puffs - Cheese Flavoured",
    "weight": "135 g",
    "price_text": "₹101",
    "grams": 135.0,
    "price_per_100g": 74.81
  },
  {
    "id": "Red_Red_Rock_Deli_kettle_Chips_(Basil_Thai_Sweet_C",
    "title": "Red Rock Deli kettle Chips (Basil Thai Sweet Chilli)",
    "brand": "Red",
    "price": 51.0,
    "rating": 4.0,
    "description": "58 g",
    "name": "Red Rock Deli kettle Chips (Basil Thai Sweet Chilli)",
    "weight": "58 g",
    "price_text": "₹51",
    "grams": 58.0,
    "price_per_100g": 87.93
  },
  {
    "id": "Markstor_Markstor_Ajwa_Al-Saudi_Dates_10",
    "title": "Markstor Ajwa Al-Saudi Dates",
    "brand": "Markstor",
    "price": 875.0,
    "rating": 4.0,
    "description": "500 g",
    "name": "Markstor Ajwa Al-Saudi Dates",
    "weight": "500 g",
    "price_text": "₹875",
    "grams": 500.0,
    "price_per_100g": 175.0
  },
  {
    "id": "Sbooch_Sbooch_Gor_Keri_Indian_Sparkling_Kombucha_T",
    "title": "Sbooch Gor Keri Indian Sparkling Kombucha Tea",
    "brand": "Sbooch",
    "price": 187.0,
    "rating": 4.0,
    "description": "275 ml",
    "name": "Sbooch Gor Keri Indian Sparkling Kombucha Tea",
    "weight": "275 ml",
    "price_text": "₹187",
    "grams": null,
    "price_per_100g": null
  },
  {
    "id": "Sweet_Sweet_Karam_Coffee_Andhra_Spicy_Murukku_12",
    "title": "Sweet Karam Coffee Andhra Spicy Murukku",
    "brand": "Sweet",
    "price": 83.0,
    "rating": 4.0,
    "description": "95 g",
    "name": "Sweet Karam Coffee Andhra Spicy Murukku",
    "weight": "95 g",
    "price_text": "₹83",
    "grams": 95.0,
    "price_per_100g": 87.37
  },
  {
    "id": "To_To_Be_Honest_Mix_Veggie_Chips_(Rock_salt)_13",
    "title": "To Be Honest Mix Veggie Chips (Rock salt)",
    "brand": "To",
    "price": 135.0,
    "rating": 4.0,
    "description": "60 g",
    "name": "To Be Honest Mix Veggie Chips (Rock salt)",
    "weight": "60 g",
    "price_text": "₹135",
    "grams": 60.0,
    "price_per_100g": 225.0
  },
  {
    "id": "Coca-Cola_Coca-Cola_Diet_Coke_Soft_Drink_14",
    "title": "Coca-Cola Diet Coke Soft Drink",
    "brand": "Coca-Cola",
    "price": 40.0,
    "rating": 4.0,
    "description": "300 ml",
    "name": "Coca-Cola Diet Coke Soft Drink",
    "weight": "300 ml",
    "price_text": "₹40",
    "grams": null,
    "price_per_100g": null
  },
  {
    "id": "Nongshim_Nongshim_Shrimp_Flavoured_Crackers_Chips_",
    "title": "Nongshim Shrimp Flavoured Crackers Chips",
    "brand": "Nongshim",
    "price": 109.0,
    "rating": 4.0,
    "description": "75 g",
    "name": "Nongshim Shrimp Flavoured Crackers Chips",
    "weight": "75 g",
    "price_text": "₹109",
    "grams": 75.0,
    "price_per_100g": 145.33
  },
  {
    "id": "Too_Too_Yumm_Classic_Salted_Nendran_Banana_Chips_1",
    "title": "Too Yumm Classic Salted Nendran Banana Chips",
    "brand": "Too",
    "price": 64.0,
    "rating": 4.0,
    "description": "75 g",
    "name": "Too Yumm Classic Salted Nendran Banana Chips",
    "weight": "75 g",
    "price_text": "₹64",
    "grams": 75.0,
    "price_per_100g": 85.33
  },
  {
    "id": "The_The_Select_Aisle_Dark_Choco_Chips_17",
    "title": "The Select Aisle Dark Choco Chips",
    "brand": "The",
    "price": 63.0,
    "rating": 4.0,
    "description": "50 g",
    "name": "The Select Aisle Dark Choco Chips",
    "weight": "50 g",
    "price_text": "₹63",
    "grams": 50.0,
    "price_per_100g": 126.0
  },
  {
    "id": "Lay's_Lay's_Extra_Barbecue_Potato_Chips_18",
    "title": "Lay's Extra Barbecue Potato Chips",
    "brand": "Lay's",
    "price": 190.0,
    "rating": 4.0,
    "description": "50 g",
    "name": "Lay's Extra Barbecue Potato Chips",
    "weight": "50 g",
    "price_text": "₹190",
    "grams": 50.0,
    "price_per_100g": 380.0
  },
  {
    "id": "The_The_Select_Aisle_Milk_Choco_Chips_19",
    "title": "The Select Aisle Milk Choco Chips",
    "brand": "The",
    "price": 69.0,
    "rating": 4.0,
    "description": "50 g",
    "name": "The Select Aisle Milk Choco Chips",
    "weight": "50 g",
    "price_text": "₹69",
    "grams": 50.0,
    "price_per_100g": 138.0
  },
  {
    "id": "Pringles_Pringles_Original_Potato_Chips_(40_g)_20",
    "title": "Pringles Original Potato Chips (40 g)",
    "brand": "Pringles",
    "price": 50.0,
    "rating": 4.0,
    "description": "40 g",
    "name": "Pringles Original Potato Chips (40 g)",
    "weight": "40 g",
    "price_text": "₹50",
    "grams": 40.0,
    "price_per_100g": 125.0
  },
  {
    "id": "Lay's_Lay's_Crunch_Extra_Cheese_Potato_Chips_21",
    "title": "Lay's Crunch Extra Cheese Potato Chips",
    "brand": "Lay's",
    "price": 190.0,
    "rating": 4.0,
    "description": "50 g",
    "name": "Lay's Crunch Extra Cheese Potato Chips",
    "weight": "50 g",
    "price_text": "₹190",
    "grams": 50.0,
    "price_per_100g": 380.0
  },
  {
    "id": "Lay's_Lay's_Potato_Chips_(Hot_&_Spicy)_22",
    "title": "Lay's Potato Chips (Hot & Spicy)",
    "brand": "Lay's",
    "price": 190.0,
    "rating": 4.0,
    "description": "50 g",
    "name": "Lay's Potato Chips (Hot & Spicy)",
    "weight": "50 g",
    "price_text": "₹190",
    "grams": 50.0,
    "price_per_100g": 380.0
  },
  {
    "id": "Nongshim_Nongshim_Onion_Ring_Puffs_23",
    "title": "Nongshim Onion Ring Puffs",
    "brand": "Nongshim",
    "price": 109.0,
    "rating": 4.0,
    "description": "50 g",
    "name": "Nongshim Onion Ring Puffs",
    "weight": "50 g",
    "price_text": "₹109",
    "grams": 50.0,
    "price_per_100g": 218.0
  }
]